% Encoding: UTF-8

@Article{Soucy2015,
  author          = {Soucy, Shannon M and Huang, Jinling and Gogarten, Johann Peter},
  title           = {Horizontal gene transfer: building the web of life.},
  journaltitle    = {Nature reviews. Genetics},
  date            = {2015-08},
  volume          = {16},
  issue           = {8},
  pages           = {472--482},
  issn            = {1471-0064},
  doi             = {10.1038/nrg3962},
  citation-subset = {IM},
  completed       = {2015-10-05},
  country         = {England},
  issn-linking    = {1471-0056},
  keywords        = {Eukaryota, genetics; Evolution, Molecular; Gene Transfer, Horizontal, genetics, physiology; Models, Genetic; Phylogeny; Selection, Genetic; Symbiosis, genetics},
  nlm-id          = {100962779},
  owner           = {NLM},
  pii             = {nrg3962},
  pmid            = {26184597},
  pubmodel        = {Print},
  pubstatus       = {ppublish},
  revised         = {2017-02-20},
}

@Article{Chilton1977,
  author          = {Chilton, M D and Drummond, M H and Merio, D J and Sciaky, D and Montoya, A L and Gordon, M P and Nester, E W},
  title           = {Stable incorporation of plasmid DNA into higher plant cells: the molecular basis of crown gall tumorigenesis.},
  journaltitle    = {Cell},
  date            = {1977-06},
  volume          = {11},
  issue           = {2},
  pages           = {263--271},
  issn            = {0092-8674},
  chemicals       = {DNA, Bacterial, DNA, Neoplasm, DNA Restriction Enzymes},
  citation-subset = {IM},
  completed       = {1977-10-14},
  country         = {United States},
  issn-linking    = {0092-8674},
  keywords        = {Base Sequence; DNA Restriction Enzymes, metabolism; DNA, Bacterial, analysis, metabolism; DNA, Neoplasm, analysis, biosynthesis; Extrachromosomal Inheritance; Molecular Weight; Nucleic Acid Hybridization; Plant Tumors, analysis, etiology; Plants, metabolism; Plasmids; Rhizobium, analysis, metabolism},
  nlm-id          = {0413066},
  owner           = {NLM},
  pii             = {0092-8674(77)90043-5},
  pmid            = {890735},
  pubmodel        = {Print},
  pubstatus       = {ppublish},
  revised         = {2006-11-15},
}

@Article{Kyndt2015,
  author          = {Kyndt, Tina and Quispe, Dora and Zhai, Hong and Jarret, Robert and Ghislain, Marc and Liu, Qingchang and Gheysen, Godelieve and Kreuze, Jan F},
  title           = {The genome of cultivated sweet potato contains Agrobacterium T-DNAs with expressed genes: An example of a naturally transgenic food crop.},
  journaltitle    = {Proceedings of the National Academy of Sciences of the {United States} of {America}},
  date            = {2015},
  volume          = {112},
  issue           = {18},
  pages           = {5844--5849},
  issn            = {1091-6490},
  doi             = {10.1073/pnas.1419685112},
  chemicals       = {{DNA}, Bacterial, {DNA}, Plant, RNA, Small Interfering, T-{DNA}},
  citation-subset = {IM},
  completed       = {2015-08-05},
  country         = {{United States}},
  issn-linking    = {0027-8424},
  keywords        = {Agrobacterium, genetics; {DNA}, Bacterial, genetics; {DNA}, Plant, genetics; Food Safety; Gene Transfer, Horizontal; Genome, Plant; Ipomoea batatas, genetics; Open Reading Frames; Phylogeny; Plant Leaves, metabolism; Plant Roots, metabolism; Plant Shoots, metabolism; Plant Stems, metabolism; Plants, Genetically Modified; RNA, Small Interfering, genetics; Sequence Analysis, {DNA}; Agrobacterium spp.; food safety; horizontal gene transfer; sweet potato; transgenic crops},
  nlm             = {PMC4426443},
  nlm-id          = {7505876},
  owner           = {NLM},
  pii             = {1419685112},
  pmc             = {PMC4426443},
  pmid            = {25902487},
  pubmodel        = {Print-Electronic},
  pubstatus       = {ppublish},
  revised         = {2017-02-20},
}

@Article{Matveeva2012,
  author          = {Matveeva, Tatiana V and Bogomaz, Denis I and Pavlova, Olga A and Nester, Eugene W and Lutova, Ludmila A},
  title           = {Horizontal gene transfer from genus agrobacterium to the plant linaria in nature.},
  journaltitle    = {Molecular plant-microbe interactions : MPMI},
  date            = {2012-12},
  volume          = {25},
  issue           = {12},
  pages           = {1542--1551},
  issn            = {0894-0282},
  doi             = {10.1094/MPMI-07-12-0169-R},
  chemicals       = {DNA, Bacterial, DNA, Plant, T-DNA},
  citation-subset = {IM},
  completed       = {2013-05-06},
  country         = {United States},
  issn-linking    = {0894-0282},
  keywords        = {Agrobacterium, genetics, isolation & purification; Base Sequence; DNA, Bacterial, genetics; DNA, Plant, genetics; Gene Transfer, Horizontal; Genes, Bacterial, genetics; Linaria, genetics, microbiology; Molecular Sequence Data; Real-Time Polymerase Chain Reaction; Regeneration; Russia; Sequence Alignment; Sequence Analysis, DNA},
  nlm-id          = {9107902},
  owner           = {NLM},
  pmid            = {23134518},
  pubmodel        = {Print},
  pubstatus       = {ppublish},
  revised         = {2012-11-08},
}

@Article{Matveeva2014,
  author       = {Matveeva, Tatiana V and Lutova, Ludmila A},
  title        = {Horizontal gene transfer from Agrobacterium to plants.},
  journaltitle = {Frontiers in plant science},
  date         = {2014},
  volume       = {5},
  pages        = {326},
  issn         = {1664-462X},
  doi          = {10.3389/fpls.2014.00326},
  completed    = {2014-08-26},
  country      = {Switzerland},
  issn-linking = {1664-462X},
  keywords     = {Agrobacterium; Linaria; Nicotiana; T-DNA; horizontal gene transfer},
  nlm          = {PMC4127661},
  nlm-id       = {101568200},
  owner        = {NLM},
  pmc          = {PMC4127661},
  pmid         = {25157257},
  pubmodel     = {Electronic-eCollection},
  pubstatus    = {epublish},
  revised      = {2017-02-20},
}

@Article{Drezen2017,
  author       = {Drezen, J-M and Gauthier, J and Josse, T and Bézier, A and Herniou, E and Huguet, E},
  title        = {Foreign DNA acquisition by invertebrate genomes.},
  journaltitle = {Journal of invertebrate pathology},
  date         = {2017-07},
  volume       = {147},
  pages        = {157--168},
  issn         = {1096-0805},
  doi          = {10.1016/j.jip.2016.09.004},
  country      = {United States},
  issn-linking = {0022-2011},
  keywords     = {Baculovirus; Endogenous viruses; Gene domestication; Horizontal gene transfer; Polydnavirus; Transposable elements},
  nlm-id       = {0014067},
  owner        = {NLM},
  pii          = {S0022-2011(16)30128-8},
  pmid         = {27642089},
  pubmodel     = {Print-Electronic},
  pubstatus    = {ppublish},
  revised      = {2017-06-26},
}

@Article{Mi2000,
  author          = {Mi, S and Lee, X and Li, X and Veldman, G M and Finnerty, H and Racie, L and LaVallie, E and Tang, X Y and Edouard, P and Howes, S and Keith, J C and McCoy, J M},
  title           = {Syncytin is a captive retroviral envelope protein involved in human placental morphogenesis.},
  journaltitle    = {Nature},
  date            = {2000-02},
  volume          = {403},
  issue           = {6771},
  pages           = {785--789},
  issn            = {0028-0836},
  doi             = {10.1038/35001608},
  chemicals       = {Gene Products, env, Luminescent Proteins, Pregnancy Proteins, syncytin, Green Fluorescent Proteins, Interleukin-12},
  citation-subset = {IM, X},
  completed       = {2000-03-20},
  country         = {England},
  issn-linking    = {0028-0836},
  keywords        = {Amino Acid Sequence; Animals; COS Cells; Cell Fusion; Endogenous Retroviruses, genetics; Gene Expression; Gene Products, env, genetics, physiology; Genes, Viral; Giant Cells, metabolism; Green Fluorescent Proteins; HeLa Cells; Humans; Interleukin-12, genetics, metabolism; Luminescent Proteins, genetics; Molecular Sequence Data; Pregnancy Proteins, genetics, physiology; Proviruses, genetics; Sequence Homology, Amino Acid; Tissue Distribution; Transfection; Trophoblasts, metabolism; Tumor Cells, Cultured},
  nlm-id          = {0410462},
  owner           = {NLM},
  pmid            = {10693809},
  pubmodel        = {Print},
  pubstatus       = {ppublish},
  revised         = {2004-12-15},
}

@Article{Peccoud2017,
  author       = {Peccoud, Jean and Loiseau, Vincent and Cordaux, Richard and Gilbert, Clément},
  title        = {Massive horizontal transfer of transposable elements in insects.},
  journaltitle = {Proceedings of the National Academy of Sciences of the United States of America},
  date         = {2017-05},
  volume       = {114},
  issue        = {18},
  pages        = {4721--4726},
  issn         = {1091-6490},
  doi          = {10.1073/pnas.1621178114},
  country      = {United States},
  issn-linking = {0027-8424},
  keywords     = {biogeography; genome evolution; horizontal transfer; insects; transposable elements},
  nlm-id       = {7505876},
  owner        = {NLM},
  pii          = {1621178114},
  pmc          = {PMC5422770},
  pmid         = {28416702},
  pubmodel     = {Print-Electronic},
  pubstatus    = {ppublish},
  revised      = {2017-11-02},
}

@Article{Yoshida2010,
  author          = {Yoshida, Satoko and Maruyama, Shinichiro and Nozaki, Hisayoshi and Shirasu, Ken},
  title           = {Horizontal gene transfer by the parasitic plant Striga hermonthica.},
  journaltitle    = {Science (New York, N.Y.)},
  date            = {2010-05},
  volume          = {328},
  issue           = {5982},
  pages           = {1128},
  issn            = {1095-9203},
  doi             = {10.1126/science.1187145},
  chemicals       = {Plant Proteins},
  citation-subset = {IM},
  completed       = {2010-06-08},
  country         = {United States},
  issn-linking    = {0036-8075},
  keywords        = {Base Sequence; Blotting, Southern; Cell Nucleus, genetics; Conserved Sequence; Crops, Agricultural, genetics; Expressed Sequence Tags; Gene Transfer, Horizontal; Genome, Plant; Molecular Sequence Data; Phylogeny; Plant Proteins, genetics; Poaceae, genetics; Sorghum, genetics; Striga, genetics},
  nlm-id          = {0404511},
  owner           = {NLM},
  pii             = {328/5982/1128},
  pmid            = {20508124},
  pubmodel        = {Print},
  pubstatus       = {ppublish},
  revised         = {2010-05-28},
}

@Article{Xi2012,
  author          = {Xi, Zhenxiang and Bradley, Robert K and Wurdack, Kenneth J and Wong, Km and Sugumaran, M and Bomblies, Kirsten and Rest, Joshua S and Davis, Charles C},
  title           = {Horizontal transfer of expressed genes in a parasitic flowering plant.},
  journaltitle    = {BMC genomics},
  date            = {2012-06},
  volume          = {13},
  pages           = {227},
  issn            = {1471-2164},
  doi             = {10.1186/1471-2164-13-227},
  chemicals       = {Codon, DNA, Plant},
  citation-subset = {IM},
  completed       = {2013-02-06},
  country         = {England},
  issn-linking    = {1471-2164},
  keywords        = {Codon, genetics; DNA, Plant, genetics; Gene Transfer, Horizontal, genetics; Host-Parasite Interactions, genetics; Magnoliopsida, classification, genetics, parasitology; Phylogeny; Transcriptome, genetics},
  nlm             = {PMC3460754},
  nlm-id          = {100965258},
  owner           = {NLM},
  pii             = {1471-2164-13-227},
  pmc             = {PMC3460754},
  pmid            = {22681756},
  pubmodel        = {Electronic},
  pubstatus       = {epublish},
  revised         = {2017-11-16},
}

@Article{Zhang2013,
  author          = {Zhang, Yeting and Fernandez-Aparicio, Monica and Wafula, Eric K and Das, Malay and Jiao, Yuannian and Wickett, Norman J and Honaas, Loren A and Ralph, Paula E and Wojciechowski, Martin F and Timko, Michael P and Yoder, John I and Westwood, James H and Depamphilis, Claude W},
  title           = {Evolution of a horizontally acquired legume gene, albumin 1, in the parasitic plant Phelipanche aegyptiaca and related species.},
  journaltitle    = {BMC evolutionary biology},
  date            = {2013-02},
  volume          = {13},
  pages           = {48},
  issn            = {1471-2148},
  doi             = {10.1186/1471-2148-13-48},
  chemicals       = {Cystine-Knot Miniproteins, DNA, Plant},
  citation-subset = {IM},
  completed       = {2013-05-30},
  country         = {England},
  issn-linking    = {1471-2148},
  keywords        = {Amino Acid Sequence; Bayes Theorem; Cystine-Knot Miniproteins, genetics; DNA, Plant, genetics; Evolution, Molecular; Fabaceae, genetics; Gene Duplication; Gene Transfer, Horizontal; Genes, Plant; Likelihood Functions; Molecular Sequence Data; Orobanchaceae, genetics; Phylogeny; Protein Structure, Tertiary; Sequence Alignment; Sequence Analysis, DNA},
  nlm             = {PMC3601976},
  nlm-id          = {100966975},
  owner           = {NLM},
  pii             = {1471-2148-13-48},
  pmc             = {PMC3601976},
  pmid            = {23425243},
  pubmodel        = {Electronic},
  pubstatus       = {epublish},
  revised         = {2017-02-20},
}

@Article{Zhang2014,
  author          = {Zhang, Dale and Qi, Jinfeng and Yue, Jipei and Huang, Jinling and Sun, Ting and Li, Suoping and Wen, Jian-Fan and Hettenhausen, Christian and Wu, Jinsong and Wang, Lei and Zhuang, Huifu and Wu, Jianqiang and Sun, Guiling},
  title           = {Root parasitic plant Orobanche aegyptiaca and shoot parasitic plant Cuscuta australis obtained Brassicaceae-specific strictosidine synthase-like genes by horizontal gene transfer.},
  journaltitle    = {BMC plant biology},
  date            = {2014-01},
  volume          = {14},
  pages           = {19},
  issn            = {1471-2229},
  doi             = {10.1186/1471-2229-14-19},
  chemicals       = {Plant Proteins, Carbon-Nitrogen Lyases, strictosidine synthetase},
  citation-subset = {IM},
  completed       = {2014-09-10},
  country         = {England},
  issn-linking    = {1471-2229},
  keywords        = {Brassicaceae, genetics, parasitology; Carbon-Nitrogen Lyases, genetics, metabolism; Cuscuta, genetics; Gene Transfer, Horizontal, genetics; Orobanche, genetics; Plant Proteins, genetics, metabolism; Plant Roots, genetics, parasitology},
  nlm             = {PMC3893544},
  nlm-id          = {100967807},
  owner           = {NLM},
  pii             = {1471-2229-14-19},
  pmc             = {PMC3893544},
  pmid            = {24411025},
  pubmodel        = {Electronic},
  pubstatus       = {epublish},
  revised         = {2017-02-20},
}

@Article{Crisp2015,
  author          = {Crisp, Alastair and Boschetti, Chiara and Perry, Malcolm and Tunnacliffe, Alan and Micklem, Gos},
  title           = {Expression of multiple horizontally acquired genes is a hallmark of both vertebrate and invertebrate genomes.},
  journaltitle    = {Genome biology},
  date            = {2015-03},
  volume          = {16},
  pages           = {50},
  issn            = {1474-760X},
  doi             = {10.1186/s13059-015-0607-3},
  citation-subset = {IM},
  completed       = {2015-12-02},
  country         = {England},
  issn-linking    = {1474-7596},
  keywords        = {Animals; Bacteria, genetics; Evolution, Molecular; Gene Expression, genetics; Gene Transfer, Horizontal, genetics; Genome; Humans; Invertebrates, genetics; Nematoda; Phylogeny; Vertebrates, genetics},
  nlm             = {PMC4358723},
  nlm-id          = {100960660},
  owner           = {NLM},
  pii             = {s13059-015-0607-3},
  pmc             = {PMC4358723},
  pmid            = {25785303},
  pubmodel        = {Electronic},
  pubstatus       = {epublish},
  revised         = {2015-03-21},
}

@Article{Salzberg2017,
  author       = {Salzberg, Steven L},
  title        = {Horizontal gene transfer is not a hallmark of the human genome.},
  journaltitle = {Genome biology},
  date         = {2017-05},
  volume       = {18},
  issue        = {1},
  pages        = {85},
  issn         = {1474-760X},
  doi          = {10.1186/s13059-017-1214-2},
  country      = {England},
  issn-linking = {1474-7596},
  nlm-id       = {100960660},
  owner        = {NLM},
  pii          = {10.1186/s13059-017-1214-2},
  pmc          = {PMC5422933},
  pmid         = {28482857},
  pubmodel     = {Electronic},
  pubstatus    = {epublish},
  revised      = {2017-05-14},
}

@Article{Ku2015,
  author          = {Ku, Chuan and Nelson-Sathi, Shijulal and Roettger, Mayo and Sousa, Filipa L and Lockhart, Peter J and Bryant, David and Hazkani-Covo, Einat and McInerney, James O and Landan, Giddy and Martin, William F},
  title           = {Endosymbiotic origin and differential loss of eukaryotic genes.},
  journaltitle    = {Nature},
  date            = {2015-08},
  volume          = {524},
  issue           = {7566},
  pages           = {427--432},
  issn            = {1476-4687},
  doi             = {10.1038/nature14963},
  chemicals       = {Proteome},
  citation-subset = {IM},
  completed       = {2015-09-14},
  country         = {England},
  issn-linking    = {0028-0836},
  keywords        = {Archaea, genetics; Bacteria, genetics; Cluster Analysis; Eukaryota, classification, genetics; Eukaryotic Cells, metabolism; Evolution, Molecular; Gene Transfer, Horizontal, genetics; Genome, genetics; Mitochondria, genetics; Models, Genetic; Organelles, genetics; Phylogeny; Plastids, genetics; Prokaryotic Cells, metabolism; Proteome, genetics; Symbiosis, genetics; Time Factors},
  nlm-id          = {0410462},
  owner           = {NLM},
  pii             = {nature14963},
  pmid            = {26287458},
  pubmodel        = {Print-Electronic},
  pubstatus       = {ppublish},
  revised         = {2017-02-20},
}

@Article{Altschul1990,
  author          = {Altschul, S F and Gish, W and Miller, W and Myers, E W and Lipman, D J},
  title           = {Basic local alignment search tool.},
  journaltitle    = {Journal of molecular biology},
  date            = {1990-10},
  volume          = {215},
  issue           = {3},
  pages           = {403--410},
  issn            = {0022-2836},
  doi             = {10.1016/S0022-2836(05)80360-2},
  citation-subset = {IM},
  completed       = {1990-12-05},
  country         = {England},
  issn-linking    = {0022-2836},
  keywords        = {Algorithms; Amino Acid Sequence; Base Sequence; Databases, Factual; Mutation; Sensitivity and Specificity; Sequence Homology, Nucleic Acid; Software},
  nlm-id          = {2985088R},
  owner           = {NLM},
  pii             = {S0022-2836(05)80360-2},
  pmid            = {2231712},
  pubmodel        = {Print},
  pubstatus       = {ppublish},
  revised         = {2007-11-14},
}

@InCollection{McFadden1974,
  author               = {McFadden, Daniel},
  title                = {{Conditional Logit Analysis of Qualitative Choice Behavior}},
  booktitle            = {Frontiers in Econometrics},
  date                 = {1974},
  editor               = {Zarembka, P.},
  publisher            = {Academic Press},
  location             = {New York},
  pages                = {105--142},
  citeulike-article-id = {8901247},
  posted-at            = {2011-02-28 11:46:27},
}

@Article{Finn2014,
  author          = {Finn, Robert D and Bateman, Alex and Clements, Jody and Coggill, Penelope and Eberhardt, Ruth Y and Eddy, Sean R and Heger, Andreas and Hetherington, Kirstie and Holm, Liisa and Mistry, Jaina and Sonnhammer, Erik L L and Tate, John and Punta, Marco},
  title           = {Pfam: the protein families database.},
  journaltitle    = {Nucleic acids research},
  date            = {2014-01},
  volume          = {42},
  issue           = {Database issue},
  pages           = {D222--D230},
  issn            = {1362-4962},
  doi             = {10.1093/nar/gkt1223},
  chemicals       = {Intrinsically Disordered Proteins, Proteins, Proteome},
  citation-subset = {IM},
  completed       = {2014-03-17},
  country         = {England},
  issn-linking    = {0305-1048},
  keywords        = {Databases, Protein; Internet; Intrinsically Disordered Proteins, chemistry; Protein Conformation; Proteins, chemistry, classification, genetics; Proteome, chemistry; Sequence Alignment; Sequence Analysis, DNA; Sequence Analysis, Protein},
  nlm             = {PMC3965110},
  nlm-id          = {0411011},
  owner           = {NLM},
  pii             = {gkt1223},
  pmc             = {PMC3965110},
  pmid            = {24288371},
  pubmodel        = {Print-Electronic},
  pubstatus       = {ppublish},
  revised         = {2017-02-20},
}

@Article{Jernigan2014,
  author       = {Jernigan, Kristin K and Bordenstein, Seth R},
  title        = {Ankyrin domains across the Tree of Life.},
  journaltitle = {PeerJ},
  date         = {2014},
  volume       = {2},
  pages        = {e264},
  issn         = {2167-8359},
  doi          = {10.7717/peerj.264},
  completed    = {2014-04-01},
  country      = {United States},
  keywords     = {Ankyrin repeat domains; Archaea; Bacteria; Protein domains; Symbiosis},
  nlm          = {PMC3932732},
  nlm-id       = {101603425},
  owner        = {NLM},
  pii          = {264},
  pmc          = {PMC3932732},
  pmid         = {24688847},
  pubmodel     = {Electronic-eCollection},
  pubstatus    = {epublish},
  revised      = {2017-02-20},
}

@Article{Siozios2013,
  author          = {Siozios, Stefanos and Ioannidis, Panagiotis and Klasson, Lisa and Andersson, Siv G E and Braig, Henk R and Bourtzis, Kostas},
  title           = {The diversity and evolution of Wolbachia ankyrin repeat domain genes.},
  journaltitle    = {PloS one},
  date            = {2013},
  volume          = {8},
  issue           = {2},
  pages           = {e55390},
  issn            = {1932-6203},
  doi             = {10.1371/journal.pone.0055390},
  chemicals       = {Ankyrins, Bacterial Proteins},
  citation-subset = {IM},
  completed       = {2013-07-19},
  country         = {United States},
  issn-linking    = {1932-6203},
  keywords        = {Animals; Ankyrin Repeat, genetics; Ankyrins, chemistry, genetics; Bacterial Proteins, chemistry, genetics; Bacteriophages, genetics; Base Sequence; Drosophila, classification, microbiology; Evolution, Molecular; Gene Transfer, Horizontal; Genetic Variation; Genome, Bacterial; Molecular Sequence Data; Phylogeny; Sequence Alignment; Symbiosis, genetics; Wolbachia, classification, genetics, metabolism},
  nlm             = {PMC3563639},
  nlm-id          = {101285081},
  owner           = {NLM},
  pii             = {PONE-D-12-31867},
  pmc             = {PMC3563639},
  pmid            = {23390535},
  pubmodel        = {Print-Electronic},
  pubstatus       = {ppublish},
  revised         = {2017-02-20},
}

@Article{Al-Khodor2010,
  author          = {Al-Khodor, Souhaila and Price, Christopher T and Kalia, Awdhesh and Abu Kwaik, Yousef},
  title           = {Functional diversity of ankyrin repeats in microbial proteins.},
  journaltitle    = {Trends in microbiology},
  date            = {2010-03},
  volume          = {18},
  issue           = {3},
  pages           = {132--139},
  issn            = {1878-4380},
  doi             = {10.1016/j.tim.2009.11.004},
  chemicals       = {Archaeal Proteins, Bacterial Proteins, Viral Proteins},
  citation-subset = {IM},
  completed       = {2010-05-19},
  country         = {England},
  issn-linking    = {0966-842X},
  keywords        = {Ankyrin Repeat; Archaeal Proteins, genetics, metabolism; Bacterial Proteins, genetics, metabolism; Evolution, Molecular; Host-Pathogen Interactions; Protein Binding; Protein Interaction Domains and Motifs; Viral Proteins, genetics, metabolism},
  mid             = {NIHMS160654},
  nlm             = {PMC2834824},
  nlm-id          = {9310916},
  owner           = {NLM},
  pii             = {S0966-842X(09)00252-2},
  pmc             = {PMC2834824},
  pmid            = {19962898},
  pubmodel        = {Print-Electronic},
  pubstatus       = {ppublish},
  references      = {92},
  revised         = {2016-11-22},
}

@Article{Brandazza2004,
  author          = {Brandazza, Anna and Angeli, Sergio and Tegoni, Mariella and Cambillau, Christian and Pelosi, Paolo},
  title           = {Plant stress proteins of the thaumatin-like family discovered in animals.},
  journaltitle    = {FEBS letters},
  date            = {2004-08},
  volume          = {572},
  issue           = {1-3},
  pages           = {3--7},
  issn            = {0014-5793},
  doi             = {10.1016/j.febslet.2004.07.003},
  chemicals       = {Heat-Shock Proteins, Plant Proteins, Recombinant Proteins, thaumatin protein, plant},
  citation-subset = {IM},
  completed       = {2004-09-28},
  country         = {England},
  issn-linking    = {0014-5793},
  keywords        = {Amino Acid Sequence; Animals; Caenorhabditis; Cloning, Molecular; Drosophila; Grasshoppers; Heat-Shock Proteins, analysis, chemistry, genetics; Models, Molecular; Molecular Sequence Data; Plant Proteins, analysis, chemistry, genetics; Polymerase Chain Reaction; Protein Conformation; Recombinant Proteins, chemistry; Sequence Alignment; Sequence Homology, Amino Acid; Tobacco, chemistry},
  nlm-id          = {0155157},
  owner           = {NLM},
  pii             = {S0014579304008506},
  pmid            = {15304314},
  pubmodel        = {Print},
  pubstatus       = {ppublish},
  revised         = {2006-11-15},
}

@Article{Finn2017,
  author          = {Finn, Robert D and Attwood, Teresa K and Babbitt, Patricia C and Bateman, Alex and Bork, Peer and Bridge, Alan J and Chang, Hsin-Yu and Dosztányi, Zsuzsanna and El-Gebali, Sara and Fraser, Matthew and Gough, Julian and Haft, David and Holliday, Gemma L and Huang, Hongzhan and Huang, Xiaosong and Letunic, Ivica and Lopez, Rodrigo and Lu, Shennan and Marchler-Bauer, Aron and Mi, Huaiyu and Mistry, Jaina and Natale, Darren A and Necci, Marco and Nuka, Gift and Orengo, Christine A and Park, Youngmi and Pesseat, Sebastien and Piovesan, Damiano and Potter, Simon C and Rawlings, Neil D and Redaschi, Nicole and Richardson, Lorna and Rivoire, Catherine and Sangrador-Vegas, Amaia and Sigrist, Christian and Sillitoe, Ian and Smithers, Ben and Squizzato, Silvano and Sutton, Granger and Thanki, Narmada and Thomas, Paul D and Tosatto, Silvio C E and Wu, Cathy H and Xenarios, Ioannis and Yeh, Lai-Su and Young, Siew-Yit and Mitchell, Alex L},
  title           = {InterPro in 2017-beyond protein family and domain annotations.},
  journaltitle    = {Nucleic acids research},
  date            = {2017-01},
  volume          = {45},
  issue           = {D1},
  pages           = {D190--D199},
  issn            = {1362-4962},
  doi             = {10.1093/nar/gkw1107},
  citation-subset = {IM},
  completed       = {2017-06-15},
  country         = {England},
  issn-linking    = {0305-1048},
  keywords        = {Computational Biology, methods; Databases, Protein; Humans; Molecular Sequence Annotation; Phylogeny; Protein Interaction Domains and Motifs; Software},
  nlm-id          = {0411011},
  owner           = {NLM},
  pii             = {gkw1107},
  pmc             = {PMC5210578},
  pmid            = {27899635},
  pubmodel        = {Print-Electronic},
  pubstatus       = {ppublish},
  revised         = {2017-06-15},
}

@Article{Spang2015,
  author          = {Spang, Anja and Saw, Jimmy H and Jørgensen, Steffen L and Zaremba-Niedzwiedzka, Katarzyna and Martijn, Joran and Lind, Anders E and van Eijk, Roel and Schleper, Christa and Guy, Lionel and Ettema, Thijs J G},
  title           = {Complex archaea that bridge the gap between prokaryotes and eukaryotes.},
  journaltitle    = {Nature},
  date            = {2015-05},
  volume          = {521},
  issue           = {7551},
  pages           = {173--179},
  issn            = {1476-4687},
  doi             = {10.1038/nature14447},
  chemicals       = {Actins, Endosomal Sorting Complexes Required for Transport, Proteome, Monomeric GTP-Binding Proteins},
  citation-subset = {IM},
  completed       = {2015-07-02},
  country         = {England},
  issn-linking    = {0028-0836},
  keywords        = {Actin Cytoskeleton, metabolism; Actins, genetics, metabolism; Archaea, classification, genetics, metabolism; Arctic Regions; Endosomal Sorting Complexes Required for Transport, genetics, metabolism; Eukaryota, classification, genetics, metabolism; Eukaryotic Cells, classification, metabolism; Evolution, Molecular; Hydrothermal Vents, microbiology; Metagenome, genetics; Molecular Sequence Data; Monomeric GTP-Binding Proteins, genetics, metabolism; Phylogeny; Prokaryotic Cells, classification; Proteome, genetics, isolation & purification, metabolism},
  mid             = {EMS63446},
  nlm             = {PMC4444528},
  nlm-id          = {0410462},
  owner           = {NLM},
  pmc             = {PMC4444528},
  pmid            = {25945739},
  pubmodel        = {Print-Electronic},
  pubstatus       = {ppublish},
  revised         = {2017-09-22},
}

@Article{Riley2013,
  author          = {Riley, David R and Sieber, Karsten B and Robinson, Kelly M and White, James Robert and Ganesan, Ashwinkumar and Nourbakhsh, Syrus and Dunning Hotopp, Julie C},
  title           = {Bacteria-human somatic cell lateral gene transfer is enriched in cancer samples.},
  journaltitle    = {PLoS computational biology},
  date            = {2013},
  volume          = {9},
  issue           = {6},
  pages           = {e1003107},
  issn            = {1553-7358},
  doi             = {10.1371/journal.pcbi.1003107},
  chemicals       = {DNA, Bacterial},
  citation-subset = {IM},
  completed       = {2014-01-17},
  country         = {United States},
  issn-linking    = {1553-734X},
  keywords        = {Bacteria, genetics, isolation & purification; Base Sequence; DNA, Bacterial, genetics; Gene Transfer, Horizontal; Genes, Bacterial; Genome, Human; Humans; Molecular Sequence Data; Neoplasms, genetics, metabolism; Sequence Homology, Nucleic Acid},
  nlm             = {PMC3688693},
  nlm-id          = {101238922},
  owner           = {NLM},
  pii             = {PCOMPBIOL-D-12-01821},
  pmc             = {PMC3688693},
  pmid            = {23840181},
  pubmodel        = {Print-Electronic},
  pubstatus       = {ppublish},
  revised         = {2017-02-20},
}

@Article{Prakash2017,
  author       = {Prakash, Ananth and Jeffryes, Matt and Bateman, Alex and Finn, Robert D},
  title        = {The HMMER Web Server for Protein Sequence Similarity Search.},
  journaltitle = {Current protocols in bioinformatics},
  date         = {2017-12},
  volume       = {60},
  pages        = {3.15.1--3.15.23},
  issn         = {1934-340X},
  doi          = {10.1002/cpbi.40},
  country      = {United States},
  issn-linking = {1934-3396},
  keywords     = {bioinformatics; homology; profile hidden Markov model; protein sequence analysis},
  nlm-id       = {101157830},
  owner        = {NLM},
  pmid         = {29220076},
  pubmodel     = {Electronic},
  pubstatus    = {epublish},
  revised      = {2017-12-08},
}

@Article{Danchin2016a,
  author          = {Danchin, Etienne G J},
  title           = {Lateral gene transfer in eukaryotes: tip of the iceberg or of the ice cube?},
  journaltitle    = {BMC biology},
  date            = {2016-11},
  volume          = {14},
  issue           = {1},
  pages           = {101},
  issn            = {1741-7007},
  doi             = {10.1186/s12915-016-0330-x},
  chemicals       = {Ice},
  citation-subset = {IM},
  completed       = {2017-10-26},
  country         = {England},
  issn-linking    = {1741-7007},
  keywords        = {Eukaryota, genetics; Gene Transfer, Horizontal; Genome; Ice; Phylogeny; Prokaryotic Cells},
  nlm-id          = {101190720},
  owner           = {NLM},
  pii             = {10.1186/s12915-016-0330-x},
  pmc             = {PMC5116166},
  pmid            = {27863503},
  pubmodel        = {Electronic},
  pubstatus       = {epublish},
  revised         = {2018-03-01},
}

@Article{Nikoh2008,
  author          = {Nikoh, Naruo and Tanaka, Kohjiro and Shibata, Fukashi and Kondo, Natsuko and Hizume, Masahiro and Shimada, Masakazu and Fukatsu, Takema},
  title           = {Wolbachia genome integrated in an insect chromosome: evolution and fate of laterally transferred endosymbiont genes.},
  journal         = {Genome research},
  year            = {2008},
  volume          = {18},
  issue           = {2},
  month           = feb,
  pages           = {272--280},
  issn            = {1088-9051},
  doi             = {10.1101/gr.7144908},
  __markedentry   = {[alext:]},
  citation-subset = {IM},
  completed       = {2008-04-23},
  country         = {United States},
  issn-linking    = {1088-9051},
  keywords        = {Animals; Base Sequence; Blotting, Southern; Chromosome Mapping; Chromosomes, genetics; Coleoptera, genetics, microbiology; Evolution, Molecular; Gene Transfer, Horizontal, genetics; Genome, genetics; In Situ Hybridization, Fluorescence; Likelihood Functions; Models, Genetic; Molecular Sequence Data; Phylogeny; Polymerase Chain Reaction; Polymorphism, Genetic; Pseudogenes, genetics; Reverse Transcriptase Polymerase Chain Reaction; Sequence Analysis, DNA; Symbiosis; Wolbachia, genetics},
  nlm-id          = {9518021},
  owner           = {NLM},
  pii             = {gr.7144908},
  pmc             = {PMC2203625},
  pmid            = {18073380},
  pubmodel        = {Print-Electronic},
  pubstatus       = {ppublish},
  revised         = {2017-11-16},
}

@Article{Ochman2000,
  author          = {Ochman, H and Lawrence, J G and Groisman, E A},
  title           = {Lateral gene transfer and the nature of bacterial innovation.},
  journaltitle    = {Nature},
  date            = {2000},
  volume          = {405},
  issue           = {6784},
  pages           = {299--304},
  issn            = {0028-0836},
  doi             = {10.1038/35012500},
  chemicals       = {DNA, bacterial},
  citation-subset = {Im},
  completed       = {2000-06-15},
  country         = {England},
  issn-linking    = {0028--0836},
  keywords        = {Bacteria, genetics; bacteriophages, genetics; conjugation, genetic; DNA, bacterial; drug resistance, microbial, genetics; evolution, molecular; genes, bacterial; recombination, genetic; transformation, bacterial; virulence, genetics},
  nlm-id          = {0410462},
  owner           = {Nlm},
  pmid            = {10830951},
  pubmodel        = {Print},
  pubstatus       = {Ppublish},
  references      = {71},
  revised         = {2005-11-16},
}

@Article{Pastuzyn2018,
  author        = {Pastuzyn, Elissa D and Day, Cameron E and Kearns, Rachel B and Kyrke-Smith, Madeleine and Taibi, Andrew V and McCormick, John and Yoder, Nathan and Belnap, David M and Erlendsson, Simon and Morado, Dustin R and Briggs, John A G and Feschotte, Cédric and Shepherd, Jason D},
  title         = {The Neuronal Gene Arc Encodes a Repurposed Retrotransposon Gag Protein that Mediates Intercellular RNA Transfer.},
  journal       = {Cell},
  year          = {2018},
  volume        = {172},
  issue         = {1-2},
  month         = jan,
  pages         = {275--288.e18},
  issn          = {1097-4172},
  doi           = {10.1016/j.cell.2017.12.024},
  __markedentry = {[alext:6]},
  country       = {United States},
  issn-linking  = {0092-8674},
  keywords      = {Arc; Gag; RNA trafficking; capsid; exosome; extracellular vesicle; retrotransposon; retrovirus; synaptic plasticity},
  nlm-id        = {0413066},
  owner         = {NLM},
  pii           = {S0092-8674(17)31504-0},
  pmid          = {29328916},
  pubmodel      = {Print},
  pubstatus     = {ppublish},
  revised       = {2018-02-09},
}

@Comment{jabref-meta: databaseType:biblatex;}
